@ARTICLE{gc:2016,
       author = {{Grillmair}, Carl J. and {Carlberg}, Raymond G.},
        title = "{What a Tangled Web We Weave: Hermus as the Northern Extension of the Phoenix Stream}",
      journal = {\apjl},
     keywords = {Galaxy: halo, Galaxy: structure, Astrophysics - Astrophysics of Galaxies},
         year = 2016,
        month = apr,
       volume = {820},
       number = {2},
          eid = {L27},
        pages = {L27},
          doi = {10.3847/2041-8205/820/2/L27},
archivePrefix = {arXiv},
       eprint = {1603.02278},
 primaryClass = {astro-ph.GA},
       adsurl = {https://ui.adsabs.harvard.edu/abs/2016ApJ...820L..27G},
      adsnote = {Provided by the SAO/NASA Astrophysics Data System}
}

@ARTICLE{grillmair:2014,
       author = {{Grillmair}, C.~J.},
        title = "{Two New Halo Debris Streams in the Sloan Digital Sky Survey}",
      journal = {\apjl},
     keywords = {Galaxy: halo, Galaxy: structure, globular clusters: general, Astrophysics - Astrophysics of Galaxies},
         year = 2014,
        month = jul,
       volume = {790},
       number = {1},
          eid = {L10},
        pages = {L10},
          doi = {10.1088/2041-8205/790/1/L10},
archivePrefix = {arXiv},
       eprint = {1407.0397},
 primaryClass = {astro-ph.GA},
       adsurl = {https://ui.adsabs.harvard.edu/abs/2014ApJ...790L..10G},
      adsnote = {Provided by the SAO/NASA Astrophysics Data System}
}

@ARTICLE{martin:2018,
       author = {{Martin}, Charles and {Amy}, Paul M. and {Newberg}, Heidi Jo and {Shelton}, Siddhartha and {Carlin}, Jeffrey L. and {Beers}, Timothy C. and {Denissenkov}, Pavel and {Willett}, Benjamin A.},
        title = "{An orbit fit to likely Hermus Stream stars}",
      journal = {\mnras},
     keywords = {Galaxy: kinematics and dynamics, Galaxy: stellar content, Galaxy: structure, Astrophysics - Astrophysics of Galaxies},
         year = 2018,
        month = jun,
       volume = {477},
       number = {2},
        pages = {2419-2430},
          doi = {10.1093/mnras/sty608},
archivePrefix = {arXiv},
       eprint = {1903.02414},
 primaryClass = {astro-ph.GA},
       adsurl = {https://ui.adsabs.harvard.edu/abs/2018MNRAS.477.2419M},
      adsnote = {Provided by the SAO/NASA Astrophysics Data System}
}

@ARTICLE{li:2022,
       author = {{Li}, Ting S. and {Ji}, Alexander P. and {Pace}, Andrew B. and {Erkal}, Denis and {Koposov}, Sergey E. and {Shipp}, Nora and {Da Costa}, Gary S. and {Cullinane}, Lara R. and {Kuehn}, Kyler and {Lewis}, Geraint F. and {Mackey}, Dougal and {Simpson}, Jeffrey D. and {Zucker}, Daniel B. and {Ferguson}, Peter S. and {Martell}, Sarah L. and {Bland-Hawthorn}, Joss and {Balbinot}, Eduardo and {Tavangar}, Kiyan and {Drlica-Wagner}, Alex and {De Silva}, Gayandhi M. and {Simon}, Joshua D.},
        title = "{S $^{5}$: The Orbital and Chemical Properties of One Dozen Stellar Streams}",
      journal = {\apj},
     keywords = {Local Group, Milky Way Galaxy, Stellar streams, Globular star clusters, Dwarf galaxies, Stellar kinematics, 929, 1054, 2166, 656, 416, 1608, Astrophysics - Astrophysics of Galaxies},
         year = 2022,
        month = mar,
       volume = {928},
       number = {1},
          eid = {30},
        pages = {30},
          doi = {10.3847/1538-4357/ac46d3},
archivePrefix = {arXiv},
       eprint = {2110.06950},
 primaryClass = {astro-ph.GA},
       adsurl = {https://ui.adsabs.harvard.edu/abs/2022ApJ...928...30L},
      adsnote = {Provided by the SAO/NASA Astrophysics Data System}
}

@ARTICLE{li:2021,
       author = {{Li}, Ting S. and {Koposov}, Sergey E. and {Erkal}, Denis and {Ji}, Alexander P. and {Shipp}, Nora and {Pace}, Andrew B. and {Hilmi}, Tariq and {Kuehn}, Kyler and {Lewis}, Geraint F. and {Mackey}, Dougal and {Simpson}, Jeffrey D. and {Wan}, Zhen and {Zucker}, Daniel B. and {Bland-Hawthorn}, Joss and {Cullinane}, Lara R. and {Da Costa}, Gary S. and {Drlica-Wagner}, Alex and {Hattori}, Kohei and {Martell}, Sarah L. and {Sharma}, Sanjib and {S5 Collaboration}},
        title = "{Broken into Pieces: ATLAS and Aliqa Uma as One Single Stream}",
      journal = {\apj},
     keywords = {Tidal disruption, Stellar kinematics, Stellar motion, Stellar associations, Metallicity, Stellar abundances, Dark matter, Milky Way dark matter halo, Stellar streams, Milky Way dynamics, 1696, 1608, 1615, 1582, 1031, 1577, 353, 1049, 2166, 1051, Astrophysics - Astrophysics of Galaxies},
         year = 2021,
        month = apr,
       volume = {911},
       number = {2},
          eid = {149},
        pages = {149},
          doi = {10.3847/1538-4357/abeb18},
archivePrefix = {arXiv},
       eprint = {2006.10763},
 primaryClass = {astro-ph.GA},
       adsurl = {https://ui.adsabs.harvard.edu/abs/2021ApJ...911..149L},
      adsnote = {Provided by the SAO/NASA Astrophysics Data System}
}

@ARTICLE{hansen:2020,
       author = {{Hansen}, T.~T. and {Riley}, A.~H. and {Strigari}, L.~E. and {Marshall}, J.~L. and {Ferguson}, P.~S. and {Zepeda}, J. and {Sneden}, C.},
        title = "{A Chemo-dynamical Link between the Gj{\"o}ll Stream and NGC 3201}",
      journal = {\apj},
     keywords = {Milky Way dynamics, Chemical abundances, Globular star clusters, 1051, 224, 656, Astrophysics - Solar and Stellar Astrophysics, Astrophysics - Astrophysics of Galaxies},
         year = 2020,
        month = sep,
       volume = {901},
       number = {1},
          eid = {23},
        pages = {23},
          doi = {10.3847/1538-4357/ababa5},
archivePrefix = {arXiv},
       eprint = {2007.12165},
 primaryClass = {astro-ph.SR},
       adsurl = {https://ui.adsabs.harvard.edu/abs/2020ApJ...901...23H},
      adsnote = {Provided by the SAO/NASA Astrophysics Data System}
}

@ARTICLE{bonaca:2021,
       author = {{Bonaca}, Ana and {Naidu}, Rohan P. and {Conroy}, Charlie and {Caldwell}, Nelson and {Cargile}, Phillip A. and {Han}, Jiwon Jesse and {Johnson}, Benjamin D. and {Kruijssen}, J.~M. Diederik and {Myeong}, G.~C. and {Speagle}, Joshua S. and {Ting}, Yuan-Sen and {Zaritsky}, Dennis},
        title = "{Orbital Clustering Identifies the Origins of Galactic Stellar Streams}",
      journal = {\apjl},
     keywords = {the Milky Way, Milky Way stellar halo, Tidal tails, Galaxy accretion, Globular star clusters, 1054, 1060, 1701, 575, 656, Astrophysics - Astrophysics of Galaxies},
         year = 2021,
        month = mar,
       volume = {909},
       number = {2},
          eid = {L26},
        pages = {L26},
          doi = {10.3847/2041-8213/abeaa9},
archivePrefix = {arXiv},
       eprint = {2012.09171},
 primaryClass = {astro-ph.GA},
       adsurl = {https://ui.adsabs.harvard.edu/abs/2021ApJ...909L..26B},
      adsnote = {Provided by the SAO/NASA Astrophysics Data System}
}

@ARTICLE{riley:2020,
       author = {{Riley}, Alexander H. and {Strigari}, Louis E.},
        title = "{The Milky Way's stellar streams and globular clusters do not align in a Vast Polar Structure}",
      journal = {\mnras},
     keywords = {galaxies: formation, galaxies: kinematics and dynamics, Local Group, Astrophysics - Astrophysics of Galaxies, Astrophysics - Cosmology and Nongalactic Astrophysics},
         year = 2020,
        month = may,
       volume = {494},
       number = {1},
        pages = {983-1001},
          doi = {10.1093/mnras/staa710},
archivePrefix = {arXiv},
       eprint = {2001.11564},
 primaryClass = {astro-ph.GA},
       adsurl = {https://ui.adsabs.harvard.edu/abs/2020MNRAS.494..983R},
      adsnote = {Provided by the SAO/NASA Astrophysics Data System}
}

